\begin{thebibliography}{}

@article{bauer2005hibernate,
  title={Hibernate in action},
  author={Bauer, Christian and King, Gavin},
  year={2005},
  publisher={Manning Greenwich CT}
}

@article{rochkind1975source,
  title={The source code control system},
  author={Rochkind, Marc J.},
  journal={Software Engineering, IEEE Transactions on},
  number={4},
  pages={364--370},
  year={1975},
  publisher={IEEE}
}

@article{holzinger2005usability,
  title={Usability engineering methods for software developers},
  author={Holzinger, Andreas},
  journal={Communications of the ACM},
  volume={48},
  number={1},
  pages={71--74},
  year={2005},
  publisher={ACM}
}

\end{thebibliography}
